[
    {
        "id": 372058,
        "title": "Your Name.",
        "revenue": 358000000,
        "budget": 0,
        "vote_average": 8.497,
        "vote_count": 10771,
        "release_date": "2016-08-26",
        "main_actor": "Ryunosuke Kamiki",
        "director": "Makoto Shinkai"
    },
    {
        "id": 696374,
        "title": "O Inferno de Gabriel",
        "revenue": 0,
        "budget": 0,
        "vote_average": 8.431,
        "vote_count": 2386,
        "release_date": "2020-05-29",
        "main_actor": "Melanie Zanetti",
        "director": "Tosca Musk"
    },
    {
        "id": 724089,
        "title": "O Inferno de Gabriel - Parte 2",
        "revenue": 0,
        "budget": 0,
        "vote_average": 8.414,
        "vote_count": 1496,
        "release_date": "2020-07-31",
        "main_actor": "Melanie Zanetti",
        "director": "Tosca Musk"
    },
    {
        "id": 761053,
        "title": "O Inferno de Gabriel - Parte 3",
        "revenue": 0,
        "budget": 0,
        "vote_average": 8.395,
        "vote_count": 1040,
        "release_date": "2020-11-19",
        "main_actor": "Melanie Zanetti",
        "director": "Tosca Musk"
    },
    {
        "id": 447362,
        "title": "A Vida em um Ano",
        "revenue": 0,
        "budget": 0,
        "vote_average": 8.284,
        "vote_count": 1714,
        "release_date": "2020-11-27",
        "main_actor": "Jaden Smith",
        "director": "Mitja Okorn"
    },
    {
        "id": 527641,
        "title": "A Cinco Passos de Você",
        "revenue": 92600000,
        "budget": 7000000,
        "vote_average": 8.275,
        "vote_count": 5373,
        "release_date": "2019-03-14",
        "main_actor": "Haley Lu Richardson",
        "director": "Justin Baldoni"
    },
    {
        "id": 630566,
        "title": "Clouds",
        "revenue": 0,
        "budget": 0,
        "vote_average": 8.257,
        "vote_count": 976,
        "release_date": "2020-10-09",
        "main_actor": "Fin Argus",
        "director": "Justin Baldoni"
    },
    {
        "id": 504253,
        "title": "Eu Quero Comer seu Pâncreas",
        "revenue": 33748006,
        "budget": 0,
        "vote_average": 8.241,
        "vote_count": 1432,
        "release_date": "2018-09-01",
        "main_actor": "Mahiro Takasugi",
        "director": "Shinichiro Ushijima"
    },
    {
        "id": 290098,
        "title": "A Criada",
        "revenue": 38600000,
        "budget": 8575000,
        "vote_average": 8.234,
        "vote_count": 3461,
        "release_date": "2016-06-01",
        "main_actor": "Kim Min-hee",
        "director": "Park Chan-wook"
    },
    {
        "id": 522924,
        "title": "Meu Amigo Enzo",
        "revenue": 33800000,
        "budget": 18000000,
        "vote_average": 8.2,
        "vote_count": 1383,
        "release_date": "2019-08-08",
        "main_actor": "Milo Ventimiglia",
        "director": "Simon Curtis"
    },
    {
        "id": 851644,
        "title": "Garota do Século 20",
        "revenue": 0,
        "budget": 119,
        "vote_average": 8.207,
        "vote_count": 577,
        "release_date": "2022-10-06",
        "main_actor": "Kim You-jung",
        "director": "Bang Woo-ri"
    },
    {
        "id": 476292,
        "title": "Maquia",
        "revenue": 4300000,
        "budget": 0,
        "vote_average": 8.181,
        "vote_count": 587,
        "release_date": "2018-02-24",
        "main_actor": "Manaka Iwami",
        "director": "Mari Okada"
    },
    {
        "id": 531428,
        "title": "Retrato de uma Jovem em Chamas",
        "revenue": 9923127,
        "budget": 5740000,
        "vote_average": 8.155,
        "vote_count": 2335,
        "release_date": "2019-09-18",
        "main_actor": "Noémie Merlant",
        "director": "Céline Sciamma"
    },
    {
        "id": 398818,
        "title": "Me Chame Pelo Seu Nome",
        "revenue": 43143046,
        "budget": 4000000,
        "vote_average": 8.155,
        "vote_count": 11606,
        "release_date": "2017-09-01",
        "main_actor": "Timothée Chalamet",
        "director": "Luca Guadagnino"
    },
    {
        "id": 762975,
        "title": "Continência ao Amor",
        "revenue": 0,
        "budget": 0,
        "vote_average": 8.145,
        "vote_count": 2278,
        "release_date": "2022-07-29",
        "main_actor": "Sofia Carson",
        "director": "Elizabeth Allen Rosenbaum"
    },
    {
        "id": 843,
        "title": "Amor à Flor da Pele",
        "revenue": 14204632,
        "budget": 150000,
        "vote_average": 8.11,
        "vote_count": 2477,
        "release_date": "2000-09-29",
        "main_actor": "Tony Leung Chiu-wai",
        "director": "Wong Kar-wai"
    },
    {
        "id": 38,
        "title": "Brilho Eterno de uma Mente sem Lembranças",
        "revenue": 72258126,
        "budget": 20000000,
        "vote_average": 8.1,
        "vote_count": 14150,
        "release_date": "2004-03-19",
        "main_actor": "Jim Carrey",
        "director": "Michel Gondry"
    },
    {
        "id": 4348,
        "title": "Orgulho e Preconceito",
        "revenue": 121600000,
        "budget": 28000000,
        "vote_average": 8.085,
        "vote_count": 7641,
        "release_date": "2005-09-16",
        "main_actor": "Keira Knightley",
        "director": "Joe Wright"
    },
    {
        "id": 26022,
        "title": "Meu Nome é Khan",
        "revenue": 42345360,
        "budget": 12000000,
        "vote_average": 8.0,
        "vote_count": 1238,
        "release_date": "2010-02-10",
        "main_actor": "Shah Rukh Khan",
        "director": "Karan Johar"
    },
    {
        "id": 449176,
        "title": "Com Amor, Simon",
        "revenue": 66316289,
        "budget": 17000000,
        "vote_average": 8.033,
        "vote_count": 5845,
        "release_date": "2018-02-16",
        "main_actor": "Nick Robinson",
        "director": "Greg Berlanti"
    },
    {
        "id": 1010581,
        "title": "Minha Culpa",
        "revenue": 0,
        "budget": 0,
        "vote_average": 8.023,
        "vote_count": 2285,
        "release_date": "2023-06-08",
        "main_actor": "Nicole Wallace",
        "director": "Domingo González"
    },
    {
        "id": 43949,
        "title": "O Primeiro Amor",
        "revenue": 1755212,
        "budget": 14000000,
        "vote_average": 8.001,
        "vote_count": 2781,
        "release_date": "2010-08-06",
        "main_actor": "Madeline Carroll",
        "director": "Rob Reiner"
    },
    {
        "id": 568160,
        "title": "O Tempo com Você",
        "revenue": 186965409,
        "budget": 0,
        "vote_average": 7.991,
        "vote_count": 2082,
        "release_date": "2019-06-19",
        "main_actor": "Kotaro Daigo",
        "director": "Makoto Shinkai"
    },
    {
        "id": 18438,
        "title": "Náufrago da Lua",
        "revenue": 0,
        "budget": 0,
        "vote_average": 7.986,
        "vote_count": 633,
        "release_date": "2009-05-14",
        "main_actor": "Jung Jae-young",
        "director": "Lee Hae-jun"
    },
    {
        "id": 426618,
        "title": "Amor em Tempos de Ódio",
        "revenue": 128269,
        "budget": 0,
        "vote_average": 7.956,
        "vote_count": 503,
        "release_date": "2018-09-14",
        "main_actor": "Amandla Stenberg",
        "director": "Amma Asante"
    },
    {
        "id": 378108,
        "title": "Neste Canto do Mundo",
        "revenue": 19496308,
        "budget": 0,
        "vote_average": 7.956,
        "vote_count": 529,
        "release_date": "2016-11-12",
        "main_actor": "Non",
        "director": "Sunao Katabuchi"
    },
    {
        "id": 776503,
        "title": "No Ritmo do Coração",
        "revenue": 1600000,
        "budget": 10000000,
        "vote_average": 7.947,
        "vote_count": 2040,
        "release_date": "2021-08-11",
        "main_actor": "Emilia Jones",
        "director": "Siân Heder"
    },
    {
        "id": 237791,
        "title": "Hoje Eu Quero Voltar Sozinho",
        "revenue": 0,
        "budget": 2700000,
        "vote_average": 7.9,
        "vote_count": 913,
        "release_date": "2014-04-10",
        "main_actor": "Ghilherme Lobo",
        "director": "Daniel Ribeiro"
    },
    {
        "id": 296096,
        "title": "Como Eu Era Antes de Você",
        "revenue": 207945075,
        "budget": 20000000,
        "vote_average": 7.923,
        "vote_count": 11779,
        "release_date": "2016-06-01",
        "main_actor": "Emilia Clarke",
        "director": "Thea Sharrock"
    },
    {
        "id": 122906,
        "title": "Questão de Tempo",
        "revenue": 87100449,
        "budget": 12000000,
        "vote_average": 7.916,
        "vote_count": 8031,
        "release_date": "2013-09-04",
        "main_actor": "Domhnall Gleeson",
        "director": "Richard Curtis"
    },
    {
        "id": 313369,
        "title": "La La Land: Cantando Estações",
        "revenue": 447407695,
        "budget": 30000000,
        "vote_average": 7.901,
        "vote_count": 16031,
        "release_date": "2016-11-29",
        "main_actor": "Ryan Gosling",
        "director": "Damien Chazelle"
    },
    {
        "id": 667520,
        "title": "Olhos de Gato",
        "revenue": 0,
        "budget": 0,
        "vote_average": 7.892,
        "vote_count": 1300,
        "release_date": "2020-06-18",
        "main_actor": "Mirai Shida",
        "director": "Junichi Sato"
    },
    {
        "id": 331482,
        "title": "Adoráveis Mulheres",
        "revenue": 216600000,
        "budget": 40000000,
        "vote_average": 7.892,
        "vote_count": 5921,
        "release_date": "2019-12-25",
        "main_actor": "Saoirse Ronan",
        "director": "Greta Gerwig"
    },
    {
        "id": 11036,
        "title": "Diário de uma Paixão",
        "revenue": 115600000,
        "budget": 29000000,
        "vote_average": 7.9,
        "vote_count": 10951,
        "release_date": "2004-06-25",
        "main_actor": "Ryan Gosling",
        "director": "Nick Cassavetes"
    },
    {
        "id": 369557,
        "title": "Sing Street: Música e Sonho",
        "revenue": 13624522,
        "budget": 4000000,
        "vote_average": 7.874,
        "vote_count": 2170,
        "release_date": "2016-03-11",
        "main_actor": "Ferdia Walsh-Peelo",
        "director": "John Carney"
    },
    {
        "id": 152601,
        "title": "Ela",
        "revenue": 47351251,
        "budget": 23000000,
        "vote_average": 7.9,
        "vote_count": 13708,
        "release_date": "2013-12-18",
        "main_actor": "Joaquin Phoenix",
        "director": "Spike Jonze"
    },
    {
        "id": 266856,
        "title": "A Teoria de Tudo",
        "revenue": 123726688,
        "budget": 15000000,
        "vote_average": 7.857,
        "vote_count": 10233,
        "release_date": "2014-11-26",
        "main_actor": "Eddie Redmayne",
        "director": "James Marsh"
    },
    {
        "id": 453,
        "title": "Uma Mente Brilhante",
        "revenue": 316800000,
        "budget": 58000000,
        "vote_average": 7.856,
        "vote_count": 9742,
        "release_date": "2001-12-14",
        "main_actor": "Russell Crowe",
        "director": "Ron Howard"
    },
    {
        "id": 523781,
        "title": "Palavras nas Paredes do Banheiro",
        "revenue": 0,
        "budget": 0,
        "vote_average": 7.842,
        "vote_count": 548,
        "release_date": "2020-08-21",
        "main_actor": "Charlie Plummer",
        "director": "Thor Freudenthal"
    },
    {
        "id": 152742,
        "title": "O Melhor Lance",
        "revenue": 19255873,
        "budget": 13500000,
        "vote_average": 7.834,
        "vote_count": 2717,
        "release_date": "2013-01-01",
        "main_actor": "Geoffrey Rush",
        "director": "Giuseppe Tornatore"
    },
    {
        "id": 666277,
        "title": "Vidas Passadas",
        "revenue": 15348213,
        "budget": 12000000,
        "vote_average": 7.835,
        "vote_count": 874,
        "release_date": "2023-06-02",
        "main_actor": "Greta Lee",
        "director": "Celine Song"
    },
    {
        "id": 200727,
        "title": "Simplesmente Acontece",
        "revenue": 4439431,
        "budget": 0,
        "vote_average": 7.833,
        "vote_count": 6015,
        "release_date": "2014-10-16",
        "main_actor": "Lily Collins",
        "director": "Christian Ditter"
    },
    {
        "id": 31011,
        "title": "Sr. Ninguém",
        "revenue": 2331721,
        "budget": 47000000,
        "vote_average": 7.824,
        "vote_count": 5638,
        "release_date": "2009-11-06",
        "main_actor": "Jared Leto",
        "director": "Jaco Van Dormael"
    },
    {
        "id": 80,
        "title": "Antes do Pôr do Sol",
        "revenue": 15992615,
        "budget": 2700000,
        "vote_average": 7.822,
        "vote_count": 3185,
        "release_date": "2004-06-16",
        "main_actor": "Ethan Hawke",
        "director": "Richard Linklater"
    },
    {
        "id": 33320,
        "title": "Atriz Milenar",
        "revenue": 37641,
        "budget": 0,
        "vote_average": 7.817,
        "vote_count": 756,
        "release_date": "2002-09-14",
        "main_actor": "Miyoko Shoji",
        "director": "Satoshi Kon"
    },
    {
        "id": 1280,
        "title": "Casa Vazia",
        "revenue": 3403957,
        "budget": 0,
        "vote_average": 7.805,
        "vote_count": 1073,
        "release_date": "2004-10-15",
        "main_actor": "Lee Seung-yun",
        "director": "Kim Ki-duk"
    },
    {
        "id": 393559,
        "title": "Minha Vida de Abobrinha",
        "revenue": 5873256,
        "budget": 8000000,
        "vote_average": 7.804,
        "vote_count": 1268,
        "release_date": "2016-09-22",
        "main_actor": "Gaspard Schlatter",
        "director": "Claude Barras"
    },
    {
        "id": 142,
        "title": "O Segredo de Brokeback Mountain",
        "revenue": 178043761,
        "budget": 14000000,
        "vote_average": 7.8,
        "vote_count": 6597,
        "release_date": "2005-09-10",
        "main_actor": "Heath Ledger",
        "director": "Ang Lee"
    },
    {
        "id": 419478,
        "title": "Sol da Meia-noite",
        "revenue": 27365467,
        "budget": 2800000,
        "vote_average": 7.795,
        "vote_count": 3285,
        "release_date": "2018-03-22",
        "main_actor": "Bella Thorne",
        "director": "Scott Speer"
    },
    {
        "id": 423612,
        "title": "Nunca Deixe de Lembrar",
        "revenue": 4831836,
        "budget": 0,
        "vote_average": 7.8,
        "vote_count": 642,
        "release_date": "2018-10-03",
        "main_actor": "Tom Schilling",
        "director": "Florian Henckel von Donnersmarck"
    },
    {
        "id": 428493,
        "title": "Reino de Deus",
        "revenue": 2559939,
        "budget": 0,
        "vote_average": 7.775,
        "vote_count": 857,
        "release_date": "2017-09-01",
        "main_actor": "Josh O'Connor",
        "director": "Francis Lee"
    },
    {
        "id": 86837,
        "title": "Amor",
        "revenue": 29800000,
        "budget": 8900000,
        "vote_average": 7.8,
        "vote_count": 1518,
        "release_date": "2012-09-20",
        "main_actor": "Jean-Louis Trintignant",
        "director": "Michael Haneke"
    },
    {
        "id": 744114,
        "title": "Meu Policial",
        "revenue": 0,
        "budget": 0,
        "vote_average": 7.751,
        "vote_count": 622,
        "release_date": "2022-10-20",
        "main_actor": "Harry Styles",
        "director": "Michael Grandage"
    },
    {
        "id": 10229,
        "title": "Um Amor para Recordar",
        "revenue": 47494916,
        "budget": 11800000,
        "vote_average": 7.748,
        "vote_count": 3891,
        "release_date": "2002-01-25",
        "main_actor": "Mandy Moore",
        "director": "Adam Shankman"
    },
    {
        "id": 61979,
        "title": "Paixão Sem Limites",
        "revenue": 0,
        "budget": 0,
        "vote_average": 7.737,
        "vote_count": 2881,
        "release_date": "2010-12-03",
        "main_actor": "María Valverde",
        "director": "Fernando González Molina"
    },
    {
        "id": 12405,
        "title": "Quem Quer Ser um Milionário?",
        "revenue": 378400000,
        "budget": 15000000,
        "vote_average": 7.73,
        "vote_count": 10156,
        "release_date": "2008-11-12",
        "main_actor": "Dev Patel",
        "director": "Danny Boyle"
    },
    {
        "id": 83666,
        "title": "Moonrise Kingdom",
        "revenue": 68263166,
        "budget": 16000000,
        "vote_average": 7.692,
        "vote_count": 5595,
        "release_date": "2012-05-16",
        "main_actor": "Jared Gilman",
        "director": "Wes Anderson"
    },
    {
        "id": 244063,
        "title": "Garotos",
        "revenue": 0,
        "budget": 0,
        "vote_average": 7.691,
        "vote_count": 652,
        "release_date": "2014-01-08",
        "main_actor": "Gijs Blom",
        "director": "Mischa Kamp"
    },
    {
        "id": 167581,
        "title": "Queda Livre",
        "revenue": 0,
        "budget": 0,
        "vote_average": 7.689,
        "vote_count": 760,
        "release_date": "2013-05-27",
        "main_actor": "Hanno Koffler",
        "director": "Stephan Lacant"
    },
    {
        "id": 1904,
        "title": "Memórias de uma Gueixa",
        "revenue": 162242962,
        "budget": 85000000,
        "vote_average": 7.675,
        "vote_count": 2891,
        "release_date": "2005-12-06",
        "main_actor": "Zhang Ziyi",
        "director": "Rob Marshall"
    },
    {
        "id": 110160,
        "title": "Laurence Anyways",
        "revenue": 0,
        "budget": 9500000,
        "vote_average": 7.658,
        "vote_count": 826,
        "release_date": "2012-05-18",
        "main_actor": "Melvil Poupaud",
        "director": "Xavier Dolan"
    },
    {
        "id": 342470,
        "title": "Por Lugares Incríveis",
        "revenue": 0,
        "budget": 0,
        "vote_average": 7.656,
        "vote_count": 2750,
        "release_date": "2020-02-28",
        "main_actor": "Elle Fanning",
        "director": "Brett Haley"
    },
    {
        "id": 4347,
        "title": "Desejo e Reparação",
        "revenue": 131016624,
        "budget": 30000000,
        "vote_average": 7.649,
        "vote_count": 3970,
        "release_date": "2007-09-07",
        "main_actor": "James McAvoy",
        "director": "Joe Wright"
    },
    {
        "id": 585244,
        "title": "Enquanto Estivermos Juntos",
        "revenue": 16069730,
        "budget": 12000000,
        "vote_average": 7.61,
        "vote_count": 1123,
        "release_date": "2020-03-12",
        "main_actor": "K.J. Apa",
        "director": "Jon Erwin"
    },
    {
        "id": 228205,
        "title": "Uma Longa Jornada",
        "revenue": 63013281,
        "budget": 34000000,
        "vote_average": 7.599,
        "vote_count": 3012,
        "release_date": "2015-04-09",
        "main_actor": "Scott Eastwood",
        "director": "George Tillman Jr."
    },
    {
        "id": 417261,
        "title": "Para Sempre Minha Garota",
        "revenue": 16367326,
        "budget": 3500000,
        "vote_average": 7.597,
        "vote_count": 1153,
        "release_date": "2018-01-26",
        "main_actor": "Alex Roe",
        "director": "Bethany Ashton Wolf"
    },
    {
        "id": 222935,
        "title": "A Culpa é das Estrelas",
        "revenue": 307166834,
        "budget": 14000000,
        "vote_average": 7.596,
        "vote_count": 10819,
        "release_date": "2014-05-16",
        "main_actor": "Shailene Woodley",
        "director": "Josh Boone"
    },
    {
        "id": 4922,
        "title": "O Curioso Caso de Benjamin Button",
        "revenue": 335800000,
        "budget": 150000000,
        "vote_average": 7.583,
        "vote_count": 12207,
        "release_date": "2008-12-25",
        "main_actor": "Brad Pitt",
        "director": "David Fincher"
    },
    {
        "id": 1544,
        "title": "Imagine Eu e Você",
        "revenue": 2500000,
        "budget": 1000000,
        "vote_average": 7.579,
        "vote_count": 964,
        "release_date": "2006-01-27",
        "main_actor": "Piper Perabo",
        "director": "Ol Parker"
    },
    {
        "id": 198375,
        "title": "O Jardim das Palavras",
        "revenue": 0,
        "budget": 0,
        "vote_average": 7.6,
        "vote_count": 1896,
        "release_date": "2013-05-31",
        "main_actor": "Miyu Irino",
        "director": "Makoto Shinkai"
    },
    {
        "id": 64,
        "title": "Fale com Ela",
        "revenue": 64803131,
        "budget": 0,
        "vote_average": 7.578,
        "vote_count": 1217,
        "release_date": "2002-03-15",
        "main_actor": "Leonor Watling",
        "director": "Pedro Almodóvar"
    },
    {
        "id": 824,
        "title": "Moulin Rouge: Amor em Vermelho",
        "revenue": 179213434,
        "budget": 52500000,
        "vote_average": 7.576,
        "vote_count": 4329,
        "release_date": "2001-05-24",
        "main_actor": "Nicole Kidman",
        "director": "Baz Luhrmann"
    },
    {
        "id": 614409,
        "title": "Para Todos os Garotos: Agora e Para Sempre",
        "revenue": 0,
        "budget": 0,
        "vote_average": 7.6,
        "vote_count": 1814,
        "release_date": "2021-02-12",
        "main_actor": "Lana Condor",
        "director": "Michael Fimognari"
    },
    {
        "id": 682507,
        "title": "Um Lugar Bem Longe Daqui",
        "revenue": 144353965,
        "budget": 24000000,
        "vote_average": 7.557,
        "vote_count": 1470,
        "release_date": "2022-07-14",
        "main_actor": "Daisy Edgar-Jones",
        "director": "Olivia Newman"
    },
    {
        "id": 11178,
        "title": "My Sassy Girl",
        "revenue": 0,
        "budget": 0,
        "vote_average": 7.538,
        "vote_count": 526,
        "release_date": "2001-07-27",
        "main_actor": "Jun Ji-hyun",
        "director": "Kwak Jae-yong"
    },
    {
        "id": 921,
        "title": "A Luta pela Esperança",
        "revenue": 108539911,
        "budget": 88000000,
        "vote_average": 7.5,
        "vote_count": 2058,
        "release_date": "2005-06-02",
        "main_actor": "Russell Crowe",
        "director": "Ron Howard"
    },
    {
        "id": 660120,
        "title": "A Pior Pessoa do Mundo",
        "revenue": 11800000,
        "budget": 5000000,
        "vote_average": 7.535,
        "vote_count": 1161,
        "release_date": "2021-10-13",
        "main_actor": "Renate Reinsve",
        "director": "Joachim Trier"
    },
    {
        "id": 12163,
        "title": "O Lutador",
        "revenue": 44734660,
        "budget": 6000000,
        "vote_average": 7.534,
        "vote_count": 3442,
        "release_date": "2008-09-07",
        "main_actor": "Mickey Rourke",
        "director": "Darren Aronofsky"
    },
    {
        "id": 132344,
        "title": "Antes da Meia-Noite",
        "revenue": 11176469,
        "budget": 3000000,
        "vote_average": 7.514,
        "vote_count": 2244,
        "release_date": "2013-04-05",
        "main_actor": "Ethan Hawke",
        "director": "Richard Linklater"
    },
    {
        "id": 332562,
        "title": "Nasce uma Estrela",
        "revenue": 433888866,
        "budget": 36000000,
        "vote_average": 7.5,
        "vote_count": 11303,
        "release_date": "2018-10-03",
        "main_actor": "Lady Gaga",
        "director": "Bradley Cooper"
    },
    {
        "id": 258480,
        "title": "Carol",
        "revenue": 40272135,
        "budget": 11800000,
        "vote_average": 7.497,
        "vote_count": 3533,
        "release_date": "2015-11-20",
        "main_actor": "Rooney Mara",
        "director": "Todd Haynes"
    },
    {
        "id": 69,
        "title": "Johnny & June",
        "revenue": 186800000,
        "budget": 28000000,
        "vote_average": 7.494,
        "vote_count": 2702,
        "release_date": "2005-09-13",
        "main_actor": "Joaquin Phoenix",
        "director": "James Mangold"
    },
    {
        "id": 293863,
        "title": "A Incrível História de Adaline",
        "revenue": 65663276,
        "budget": 25000000,
        "vote_average": 7.473,
        "vote_count": 6261,
        "release_date": "2015-04-16",
        "main_actor": "Blake Lively",
        "director": "Lee Toland Krieger"
    },
    {
        "id": 407445,
        "title": "Uma Razão para Viver",
        "revenue": 5026154,
        "budget": 0,
        "vote_average": 7.47,
        "vote_count": 711,
        "release_date": "2017-10-13",
        "main_actor": "Andrew Garfield",
        "director": "Andy Serkis"
    },
    {
        "id": 219,
        "title": "Volver",
        "revenue": 85582407,
        "budget": 12899867,
        "vote_average": 7.467,
        "vote_count": 1612,
        "release_date": "2006-03-17",
        "main_actor": "Penélope Cruz",
        "director": "Pedro Almodóvar"
    },
    {
        "id": 363,
        "title": "Contra a Parede",
        "revenue": 11030861,
        "budget": 0,
        "vote_average": 7.462,
        "vote_count": 512,
        "release_date": "2004-03-11",
        "main_actor": "Sibel Kekilli",
        "director": "Fatih Akin"
    },
    {
        "id": 440298,
        "title": "Guerra Fria",
        "revenue": 18754051,
        "budget": 4954500,
        "vote_average": 7.457,
        "vote_count": 1409,
        "release_date": "2018-06-08",
        "main_actor": "Joanna Kulig",
        "director": "Paweł Pawlikowski"
    },
    {
        "id": 239571,
        "title": "O Melhor de Mim",
        "revenue": 35926213,
        "budget": 26000000,
        "vote_average": 7.456,
        "vote_count": 2470,
        "release_date": "2014-10-15",
        "main_actor": "Michelle Monaghan",
        "director": "Michael Hoffman"
    },
    {
        "id": 74643,
        "title": "O Artista",
        "revenue": 133432856,
        "budget": 15000000,
        "vote_average": 7.454,
        "vote_count": 3113,
        "release_date": "2011-10-12",
        "main_actor": "Jean Dujardin",
        "director": "Michel Hazanavicius"
    },
    {
        "id": 638449,
        "title": "A Última Carta de Amor",
        "revenue": 1451974,
        "budget": 0,
        "vote_average": 7.452,
        "vote_count": 563,
        "release_date": "2021-07-23",
        "main_actor": "Shailene Woodley",
        "director": "Augustine Frizzell"
    },
    {
        "id": 382748,
        "title": "A Extraordinária Garota Chamada Estrela",
        "revenue": 0,
        "budget": 0,
        "vote_average": 7.446,
        "vote_count": 538,
        "release_date": "2020-03-10",
        "main_actor": "Grace VanderWaal",
        "director": "Julia Hart"
    },
    {
        "id": 8055,
        "title": "O Leitor",
        "revenue": 108902486,
        "budget": 32000000,
        "vote_average": 7.446,
        "vote_count": 2883,
        "release_date": "2008-12-10",
        "main_actor": "Kate Winslet",
        "director": "Stephen Daldry"
    },
    {
        "id": 451480,
        "title": "A Sociedade Literária e a Torta de Casca de Batata",
        "revenue": 23148937,
        "budget": 0,
        "vote_average": 7.445,
        "vote_count": 1271,
        "release_date": "2018-04-19",
        "main_actor": "Lily James",
        "director": "Mike Newell"
    },
    {
        "id": 51828,
        "title": "Um Dia",
        "revenue": 59400000,
        "budget": 15000000,
        "vote_average": 7.424,
        "vote_count": 4037,
        "release_date": "2011-03-02",
        "main_actor": "Anne Hathaway",
        "director": "Lone Scherfig"
    },
    {
        "id": 1360,
        "title": "Frida",
        "revenue": 56298474,
        "budget": 12000000,
        "vote_average": 7.42,
        "vote_count": 1937,
        "release_date": "2002-08-29",
        "main_actor": "Salma Hayek Pinault",
        "director": "Julie Taymor"
    },
    {
        "id": 146,
        "title": "O Tigre e o Dragão",
        "revenue": 213525736,
        "budget": 17000000,
        "vote_average": 7.419,
        "vote_count": 3020,
        "release_date": "2000-07-06",
        "main_actor": "Chow Yun-fat",
        "director": "Ang Lee"
    },
    {
        "id": 1391,
        "title": "E Sua Mãe Também",
        "revenue": 33600000,
        "budget": 5000000,
        "vote_average": 7.412,
        "vote_count": 1399,
        "release_date": "2001-06-08",
        "main_actor": "Diego Luna",
        "director": "Alfonso Cuarón"
    },
    {
        "id": 853,
        "title": "Círculo de Fogo",
        "revenue": 96976270,
        "budget": 68000000,
        "vote_average": 7.412,
        "vote_count": 3397,
        "release_date": "2001-02-28",
        "main_actor": "Jude Law",
        "director": "Jean-Jacques Annaud"
    },
    {
        "id": 11661,
        "title": "Feliz Natal",
        "revenue": 17709155,
        "budget": 22000000,
        "vote_average": 7.409,
        "vote_count": 823,
        "release_date": "2005-11-09",
        "main_actor": "Diane Kruger",
        "director": "Christian Carion"
    },
    {
        "id": 603661,
        "title": "O Jogo de Amor – \"Odio\"",
        "revenue": 0,
        "budget": 0,
        "vote_average": 7.402,
        "vote_count": 926,
        "release_date": "2021-12-09",
        "main_actor": "Lucy Hale",
        "director": "Peter Hutchings"
    }
]