[
    {
        "id": 710356,
        "title": "2 Corações",
        "revenue": 0,
        "budget": 0,
        "vote_average": 7.4,
        "vote_count": 544,
        "release_date": "2020-10-16",
        "main_actor": "Jacob Elordi",
        "director": "Lance Hool"
    },
    {
        "id": 109689,
        "title": "Sou Louco Por Você",
        "revenue": 24016152,
        "budget": 0,
        "vote_average": 7.401,
        "vote_count": 1788,
        "release_date": "2012-06-22",
        "main_actor": "Mario Casas",
        "director": "Fernando González Molina"
    },
    {
        "id": 274109,
        "title": "Palmeiras na Neve",
        "revenue": 0,
        "budget": 11332619,
        "vote_average": 7.4,
        "vote_count": 514,
        "release_date": "2015-12-25",
        "main_actor": "Mario Casas",
        "director": "Fernando González Molina"
    },
    {
        "id": 153,
        "title": "Encontros e Desencontros",
        "revenue": 119723856,
        "budget": 4000000,
        "vote_average": 7.392,
        "vote_count": 6935,
        "release_date": "2003-09-18",
        "main_actor": "Bill Murray",
        "director": "Sofia Coppola"
    },
    {
        "id": 818647,
        "title": "Através da Minha Janela",
        "revenue": 0,
        "budget": 0,
        "vote_average": 7.389,
        "vote_count": 2899,
        "release_date": "2022-02-04",
        "main_actor": "Clara Galle",
        "director": "Marçal Forés"
    },
    {
        "id": 533444,
        "title": "As Ondas",
        "revenue": 2576990,
        "budget": 6000000,
        "vote_average": 7.388,
        "vote_count": 609,
        "release_date": "2019-11-15",
        "main_actor": "Kelvin Harrison Jr.",
        "director": "Trey Edward Shults"
    },
    {
        "id": 5723,
        "title": "Apenas Uma Vez",
        "revenue": 20710513,
        "budget": 160000,
        "vote_average": 7.387,
        "vote_count": 1238,
        "release_date": "2007-03-23",
        "main_actor": "Glen Hansard",
        "director": "John Carney"
    },
    {
        "id": 49020,
        "title": "Submarino",
        "revenue": 864659,
        "budget": 0,
        "vote_average": 7.4,
        "vote_count": 1377,
        "release_date": "2011-03-18",
        "main_actor": "Craig Roberts",
        "director": "Richard Ayoade"
    },
    {
        "id": 659959,
        "title": "Verão de 85",
        "revenue": 3600000,
        "budget": 6900000,
        "vote_average": 7.38,
        "vote_count": 761,
        "release_date": "2020-07-14",
        "main_actor": "Félix Lefebvre",
        "director": "François Ozon"
    },
    {
        "id": 64682,
        "title": "O Grande Gatsby",
        "revenue": 351040419,
        "budget": 105000000,
        "vote_average": 7.373,
        "vote_count": 11788,
        "release_date": "2013-05-09",
        "main_actor": "Leonardo DiCaprio",
        "director": "Baz Luhrmann"
    },
    {
        "id": 88273,
        "title": "O Amante da Rainha",
        "revenue": 14800000,
        "budget": 8000000,
        "vote_average": 7.4,
        "vote_count": 809,
        "release_date": "2012-03-29",
        "main_actor": "Mads Mikkelsen",
        "director": "Nikolaj Arcel"
    },
    {
        "id": 377263,
        "title": "Frantz",
        "revenue": 7478354,
        "budget": 0,
        "vote_average": 7.4,
        "vote_count": 657,
        "release_date": "2016-09-07",
        "main_actor": "Pierre Niney",
        "director": "François Ozon"
    },
    {
        "id": 818750,
        "title": "Ainda Estou Aqui",
        "revenue": 0,
        "budget": 0,
        "vote_average": 7.366,
        "vote_count": 663,
        "release_date": "2022-02-11",
        "main_actor": "Joey King",
        "director": "Arie Posin"
    },
    {
        "id": 116,
        "title": "Ponto Final: Match Point",
        "revenue": 85306374,
        "budget": 15000000,
        "vote_average": 7.363,
        "vote_count": 3883,
        "release_date": "2005-10-26",
        "main_actor": "Jonathan Rhys Meyers",
        "director": "Woody Allen"
    },
    {
        "id": 621013,
        "title": "A Química que Há Entre Nós",
        "revenue": 0,
        "budget": 0,
        "vote_average": 7.36,
        "vote_count": 1082,
        "release_date": "2020-08-21",
        "main_actor": "Austin Abrams",
        "director": "Richard Tanne"
    },
    {
        "id": 416477,
        "title": "Doentes de Amor",
        "revenue": 56303596,
        "budget": 5000000,
        "vote_average": 7.348,
        "vote_count": 2304,
        "release_date": "2017-03-30",
        "main_actor": "Kumail Nanjiani",
        "director": "Michael Showalter"
    },
    {
        "id": 90369,
        "title": "Agora e para Sempre",
        "revenue": 2700000,
        "budget": 4500000,
        "vote_average": 7.344,
        "vote_count": 1052,
        "release_date": "2012-09-19",
        "main_actor": "Dakota Fanning",
        "director": "Ol Parker"
    },
    {
        "id": 239877,
        "title": "A Máfia Só Mata no Verão",
        "revenue": 0,
        "budget": 0,
        "vote_average": 7.34,
        "vote_count": 1079,
        "release_date": "2013-11-28",
        "main_actor": "Pif",
        "director": "Pif"
    },
    {
        "id": 2977,
        "title": "Amor e Inocência",
        "revenue": 37311672,
        "budget": 16500000,
        "vote_average": 7.3,
        "vote_count": 1117,
        "release_date": "2007-03-02",
        "main_actor": "Anne Hathaway",
        "director": "Julian Jarrold"
    },
    {
        "id": 23550,
        "title": "Um Amor Quase Perfeito",
        "revenue": 215339,
        "budget": 0,
        "vote_average": 7.323,
        "vote_count": 517,
        "release_date": "2001-03-16",
        "main_actor": "Margherita Buy",
        "director": "Ferzan Özpetek"
    },
    {
        "id": 191714,
        "title": "The Lunchbox",
        "revenue": 17240000,
        "budget": 3400000,
        "vote_average": 7.322,
        "vote_count": 659,
        "release_date": "2013-09-20",
        "main_actor": "Irrfan Khan",
        "director": "Ritesh Batra"
    },
    {
        "id": 2841,
        "title": "Eterno Amor",
        "revenue": 0,
        "budget": 47000000,
        "vote_average": 7.3,
        "vote_count": 1134,
        "release_date": "2004-10-27",
        "main_actor": "Audrey Tautou",
        "director": "Jean-Pierre Jeunet"
    },
    {
        "id": 167073,
        "title": "Brooklin: Um Amor Sem Fronteiras",
        "revenue": 62076141,
        "budget": 11000000,
        "vote_average": 7.312,
        "vote_count": 2977,
        "release_date": "2015-10-20",
        "main_actor": "Saoirse Ronan",
        "director": "John Crowley"
    },
    {
        "id": 400617,
        "title": "Trama Fantasma",
        "revenue": 47756590,
        "budget": 35000000,
        "vote_average": 7.308,
        "vote_count": 3299,
        "release_date": "2017-12-25",
        "main_actor": "Daniel Day-Lewis",
        "director": "Paul Thomas Anderson"
    },
    {
        "id": 38142,
        "title": "Cinco Centímetros por Segundo",
        "revenue": 0,
        "budget": 5000000,
        "vote_average": 7.3,
        "vote_count": 1836,
        "release_date": "2007-03-03",
        "main_actor": "Kenji Mizuhashi",
        "director": "Makoto Shinkai"
    },
    {
        "id": 40794,
        "title": "O Primeiro que Disse",
        "revenue": 8220215,
        "budget": 7000000,
        "vote_average": 7.3,
        "vote_count": 750,
        "release_date": "2010-02-12",
        "main_actor": "Riccardo Scamarcio",
        "director": "Ferzan Özpetek"
    },
    {
        "id": 550231,
        "title": "O Segredo: Ouse Sonhar",
        "revenue": 3215636,
        "budget": 21000000,
        "vote_average": 7.297,
        "vote_count": 555,
        "release_date": "2020-04-16",
        "main_actor": "Katie Holmes",
        "director": "Andy Tennant"
    },
    {
        "id": 1491,
        "title": "O Ilusionista",
        "revenue": 87892388,
        "budget": 16500000,
        "vote_average": 7.294,
        "vote_count": 4662,
        "release_date": "2006-08-18",
        "main_actor": "Edward Norton",
        "director": "Neil Burger"
    },
    {
        "id": 271674,
        "title": "Suite Francesa",
        "revenue": 9104716,
        "budget": 15000000,
        "vote_average": 7.29,
        "vote_count": 1069,
        "release_date": "2015-03-12",
        "main_actor": "Michelle Williams",
        "director": "Saul Dibb"
    },
    {
        "id": 34653,
        "title": "Direito de Amar",
        "revenue": 25000000,
        "budget": 7000000,
        "vote_average": 7.288,
        "vote_count": 1466,
        "release_date": "2009-12-11",
        "main_actor": "Colin Firth",
        "director": "Tom Ford"
    },
    {
        "id": 1791,
        "title": "A Professora de Piano",
        "revenue": 9800000,
        "budget": 3000000,
        "vote_average": 7.288,
        "vote_count": 1023,
        "release_date": "2001-09-05",
        "main_actor": "Isabelle Huppert",
        "director": "Michael Haneke"
    },
    {
        "id": 79120,
        "title": "Fim de Semana",
        "revenue": 484592,
        "budget": 120000,
        "vote_average": 7.3,
        "vote_count": 501,
        "release_date": "2011-10-23",
        "main_actor": "Tom Cullen",
        "director": "Andrew Haigh"
    },
    {
        "id": 19913,
        "title": "(500) Dias com Ela",
        "revenue": 60781545,
        "budget": 7500000,
        "vote_average": 7.279,
        "vote_count": 9613,
        "release_date": "2009-07-17",
        "main_actor": "Joseph Gordon-Levitt",
        "director": "Marc Webb"
    },
    {
        "id": 306745,
        "title": "Amor por Direito",
        "revenue": 573335,
        "budget": 7000000,
        "vote_average": 7.273,
        "vote_count": 624,
        "release_date": "2015-10-02",
        "main_actor": "Julianne Moore",
        "director": "Peter Sollett"
    },
    {
        "id": 1262,
        "title": "Mais Estranho que a Ficção",
        "revenue": 53700000,
        "budget": 30000000,
        "vote_average": 7.27,
        "vote_count": 2155,
        "release_date": "2006-09-09",
        "main_actor": "Will Ferrell",
        "director": "Marc Forster"
    },
    {
        "id": 50646,
        "title": "Amor a Toda Prova",
        "revenue": 145079584,
        "budget": 50000000,
        "vote_average": 7.259,
        "vote_count": 8052,
        "release_date": "2011-07-29",
        "main_actor": "Steve Carell",
        "director": "Glenn Ficarra"
    },
    {
        "id": 152603,
        "title": "Amantes Eternos",
        "revenue": 7600000,
        "budget": 7000000,
        "vote_average": 7.252,
        "vote_count": 2066,
        "release_date": "2013-12-12",
        "main_actor": "Tilda Swinton",
        "director": "Jim Jarmusch"
    },
    {
        "id": 14202,
        "title": "O Despertar de uma Paixão",
        "revenue": 26910847,
        "budget": 19400000,
        "vote_average": 7.251,
        "vote_count": 1099,
        "release_date": "2006-12-09",
        "main_actor": "Edward Norton",
        "director": "John Curran"
    },
    {
        "id": 9833,
        "title": "O Fantasma da Ópera",
        "revenue": 154700000,
        "budget": 70000000,
        "vote_average": 7.251,
        "vote_count": 1519,
        "release_date": "2004-12-08",
        "main_actor": "Gerard Butler",
        "director": "Joel Schumacher"
    },
    {
        "id": 417678,
        "title": "Tudo e Todas as Coisas",
        "revenue": 61621140,
        "budget": 10000000,
        "vote_average": 7.248,
        "vote_count": 3617,
        "release_date": "2017-05-18",
        "main_actor": "Amandla Stenberg",
        "director": "Stella Meghie"
    },
    {
        "id": 399055,
        "title": "A Forma da Água",
        "revenue": 195300000,
        "budget": 19500000,
        "vote_average": 7.248,
        "vote_count": 11716,
        "release_date": "2017-12-01",
        "main_actor": "Sally Hawkins",
        "director": "Guillermo del Toro"
    },
    {
        "id": 8424,
        "title": "Amor ou Consequência",
        "revenue": 8561072,
        "budget": 0,
        "vote_average": 7.2,
        "vote_count": 1726,
        "release_date": "2003-09-17",
        "main_actor": "Guillaume Canet",
        "director": "Yann Samuell"
    },
    {
        "id": 198277,
        "title": "Mesmo Se Nada Der Certo",
        "revenue": 63500000,
        "budget": 8000000,
        "vote_average": 7.245,
        "vote_count": 3626,
        "release_date": "2013-09-07",
        "main_actor": "Mark Ruffalo",
        "director": "John Carney"
    },
    {
        "id": 72570,
        "title": "Para Sempre",
        "revenue": 196114570,
        "budget": 30000000,
        "vote_average": 7.245,
        "vote_count": 3882,
        "release_date": "2012-02-05",
        "main_actor": "Rachel McAdams",
        "director": "Michael Sucsy"
    },
    {
        "id": 19666,
        "title": "Lagaan: A Coragem de um Povo",
        "revenue": 8100000,
        "budget": 5200000,
        "vote_average": 7.2,
        "vote_count": 525,
        "release_date": "2001-06-15",
        "main_actor": "Aamir Khan",
        "director": "Ashutosh Gowariker"
    },
    {
        "id": 35690,
        "title": "A Última Música",
        "revenue": 89137047,
        "budget": 20000000,
        "vote_average": 7.2,
        "vote_count": 3241,
        "release_date": "2010-03-31",
        "main_actor": "Miley Cyrus",
        "director": "Julie Anne Robinson"
    },
    {
        "id": 345920,
        "title": "Beleza Oculta",
        "revenue": 88528280,
        "budget": 36000000,
        "vote_average": 7.237,
        "vote_count": 5199,
        "release_date": "2016-12-15",
        "main_actor": "Will Smith",
        "director": "David Frankel"
    },
    {
        "id": 25846,
        "title": "Baarìa - A Porta do Vento",
        "revenue": 16017513,
        "budget": 30000000,
        "vote_average": 7.235,
        "vote_count": 622,
        "release_date": "2009-09-24",
        "main_actor": "Francesco Scianna",
        "director": "Giuseppe Tornatore"
    },
    {
        "id": 446696,
        "title": "A Vida em Si",
        "revenue": 7997774,
        "budget": 10000000,
        "vote_average": 7.219,
        "vote_count": 522,
        "release_date": "2018-09-21",
        "main_actor": "Oscar Isaac",
        "director": "Dan Fogelman"
    },
    {
        "id": 436343,
        "title": "Corpo e Alma",
        "revenue": 0,
        "budget": 0,
        "vote_average": 7.23,
        "vote_count": 511,
        "release_date": "2017-03-02",
        "main_actor": "Alexandra Borbély",
        "director": "Ildikó Enyedi"
    },
    {
        "id": 844,
        "title": "2046: Os Segredos do Amor",
        "revenue": 20205757,
        "budget": 12000000,
        "vote_average": 7.2,
        "vote_count": 826,
        "release_date": "2004-05-20",
        "main_actor": "Tony Leung Chiu-wai",
        "director": "Wong Kar-wai"
    },
    {
        "id": 38684,
        "title": "Jane Eyre",
        "revenue": 35000000,
        "budget": 13000000,
        "vote_average": 7.2,
        "vote_count": 1384,
        "release_date": "2011-03-11",
        "main_actor": "Mia Wasikowska",
        "director": "Cary Joji Fukunaga"
    },
    {
        "id": 467909,
        "title": "Em um Bairro de Nova York",
        "revenue": 43000000,
        "budget": 55000000,
        "vote_average": 7.214,
        "vote_count": 659,
        "release_date": "2021-06-10",
        "main_actor": "Anthony Ramos",
        "director": "Jon M. Chu"
    },
    {
        "id": 18320,
        "title": "A Jovem Rainha Vitória",
        "revenue": 29196409,
        "budget": 35000000,
        "vote_average": 7.2,
        "vote_count": 963,
        "release_date": "2009-03-04",
        "main_actor": "Emily Blunt",
        "director": "Jean-Marc Vallée"
    },
    {
        "id": 204436,
        "title": "Jack e a Mecânica do Coração",
        "revenue": 3445000,
        "budget": 33746302,
        "vote_average": 7.206,
        "vote_count": 677,
        "release_date": "2014-02-05",
        "main_actor": "Mathias Malzieu",
        "director": "Stéphane Berla"
    },
    {
        "id": 1278,
        "title": "Os Sonhadores",
        "revenue": 15100000,
        "budget": 15000000,
        "vote_average": 7.206,
        "vote_count": 2710,
        "release_date": "2003-09-01",
        "main_actor": "Michael Pitt",
        "director": "Bernardo Bertolucci"
    },
    {
        "id": 420622,
        "title": "Professor Marston e as Mulheres-Maravilhas",
        "revenue": 1600000,
        "budget": 7000000,
        "vote_average": 7.203,
        "vote_count": 812,
        "release_date": "2017-10-13",
        "main_actor": "Luke Evans",
        "director": "Angela Robinson"
    },
    {
        "id": 79707,
        "title": "Viagem para Agartha",
        "revenue": 0,
        "budget": 0,
        "vote_average": 7.207,
        "vote_count": 655,
        "release_date": "2011-05-07",
        "main_actor": "Hisako Kanemoto",
        "director": "Makoto Shinkai"
    },
    {
        "id": 613504,
        "title": "After: Depois da Verdade",
        "revenue": 48000000,
        "budget": 14000000,
        "vote_average": 7.196,
        "vote_count": 5160,
        "release_date": "2020-09-02",
        "main_actor": "Josephine Langford",
        "director": "Roger Kumble"
    },
    {
        "id": 42297,
        "title": "Burlesque",
        "revenue": 89500000,
        "budget": 55000000,
        "vote_average": 7.2,
        "vote_count": 2155,
        "release_date": "2010-11-23",
        "main_actor": "Cher",
        "director": "Steve Antin"
    },
    {
        "id": 6023,
        "title": "P.S. Eu Te Amo",
        "revenue": 156835339,
        "budget": 30000000,
        "vote_average": 7.195,
        "vote_count": 3192,
        "release_date": "2007-11-15",
        "main_actor": "Hilary Swank",
        "director": "Richard LaGravenese"
    },
    {
        "id": 428836,
        "title": "Ofélia",
        "revenue": 242115,
        "budget": 12000000,
        "vote_average": 7.193,
        "vote_count": 516,
        "release_date": "2019-06-28",
        "main_actor": "Daisy Ridley",
        "director": "Claire McCarthy"
    },
    {
        "id": 4588,
        "title": "Desejo e Perigo",
        "revenue": 67100000,
        "budget": 15000000,
        "vote_average": 7.2,
        "vote_count": 639,
        "release_date": "2007-09-27",
        "main_actor": "Tony Leung Chiu-wai",
        "director": "Ang Lee"
    },
    {
        "id": 330483,
        "title": "A Escolha",
        "revenue": 18730891,
        "budget": 10000000,
        "vote_average": 7.173,
        "vote_count": 1807,
        "release_date": "2016-02-04",
        "main_actor": "Benjamin Walker",
        "director": "Ross Katz"
    },
    {
        "id": 97365,
        "title": "Ferrugem e Osso",
        "revenue": 25762027,
        "budget": 15400000,
        "vote_average": 7.174,
        "vote_count": 1306,
        "release_date": "2012-05-17",
        "main_actor": "Marion Cotillard",
        "director": "Jacques Audiard"
    },
    {
        "id": 329805,
        "title": "Meu Rei",
        "revenue": 8000000,
        "budget": 10600000,
        "vote_average": 7.17,
        "vote_count": 750,
        "release_date": "2015-10-21",
        "main_actor": "Vincent Cassel",
        "director": "Maïwenn"
    },
    {
        "id": 6615,
        "title": "A Garota Ideal",
        "revenue": 11293663,
        "budget": 12000000,
        "vote_average": 7.168,
        "vote_count": 1702,
        "release_date": "2007-10-12",
        "main_actor": "Ryan Gosling",
        "director": "Craig Gillespie"
    },
    {
        "id": 536743,
        "title": "Queen & Slim",
        "revenue": 47803176,
        "budget": 20000000,
        "vote_average": 7.151,
        "vote_count": 646,
        "release_date": "2019-11-27",
        "main_actor": "Daniel Kaluuya",
        "director": "Melina Matsoukas"
    },
    {
        "id": 279229,
        "title": "Saphirblau",
        "revenue": 5188128,
        "budget": 0,
        "vote_average": 7.2,
        "vote_count": 952,
        "release_date": "2014-08-14",
        "main_actor": "Maria Ehrich",
        "director": "Felix Fuchssteiner"
    },
    {
        "id": 8088,
        "title": "Abraços Partidos",
        "revenue": 30991660,
        "budget": 18000000,
        "vote_average": 7.14,
        "vote_count": 615,
        "release_date": "2009-03-18",
        "main_actor": "Penélope Cruz",
        "director": "Pedro Almodóvar"
    },
    {
        "id": 8051,
        "title": "Embriagado de Amor",
        "revenue": 24665649,
        "budget": 25000000,
        "vote_average": 7.14,
        "vote_count": 2181,
        "release_date": "2002-10-11",
        "main_actor": "Adam Sandler",
        "director": "Paul Thomas Anderson"
    },
    {
        "id": 4688,
        "title": "Através do Universo",
        "revenue": 29625761,
        "budget": 45000000,
        "vote_average": 7.139,
        "vote_count": 1276,
        "release_date": "2007-09-14",
        "main_actor": "Evan Rachel Wood",
        "director": "Julie Taymor"
    },
    {
        "id": 51241,
        "title": "Amores Imaginários",
        "revenue": 62985,
        "budget": 464229,
        "vote_average": 7.138,
        "vote_count": 986,
        "release_date": "2010-09-29",
        "main_actor": "Monia Chokri",
        "director": "Xavier Dolan"
    },
    {
        "id": 82693,
        "title": "O Lado Bom da Vida",
        "revenue": 236412453,
        "budget": 21000000,
        "vote_average": 7.137,
        "vote_count": 11586,
        "release_date": "2012-11-16",
        "main_actor": "Bradley Cooper",
        "director": "David O. Russell"
    },
    {
        "id": 18240,
        "title": "A Proposta",
        "revenue": 317400000,
        "budget": 40000000,
        "vote_average": 7.137,
        "vote_count": 6430,
        "release_date": "2009-06-01",
        "main_actor": "Sandra Bullock",
        "director": "Anne Fletcher"
    },
    {
        "id": 243,
        "title": "Alta Fidelidade",
        "revenue": 47100000,
        "budget": 30000000,
        "vote_average": 7.138,
        "vote_count": 1856,
        "release_date": "2000-03-17",
        "main_actor": "John Cusack",
        "director": "Stephen Frears"
    },
    {
        "id": 537915,
        "title": "After",
        "revenue": 69500000,
        "budget": 14000000,
        "vote_average": 7.135,
        "vote_count": 7977,
        "release_date": "2019-04-11",
        "main_actor": "Josephine Langford",
        "director": "Jenny Gage"
    },
    {
        "id": 10564,
        "title": "Onde Mora o Coração",
        "revenue": 33800000,
        "budget": 15000000,
        "vote_average": 7.129,
        "vote_count": 653,
        "release_date": "2000-04-27",
        "main_actor": "Natalie Portman",
        "director": "Matt Williams"
    },
    {
        "id": 226448,
        "title": "In Your Eyes",
        "revenue": 0,
        "budget": 1000000,
        "vote_average": 7.131,
        "vote_count": 660,
        "release_date": "2014-04-20",
        "main_actor": "Zoe Kazan",
        "director": "Brin Hill"
    },
    {
        "id": 535544,
        "title": "Downton Abbey",
        "revenue": 192199131,
        "budget": 20000000,
        "vote_average": 7.125,
        "vote_count": 1064,
        "release_date": "2019-09-12",
        "main_actor": "Hugh Bonneville",
        "director": "Michael Engler"
    },
    {
        "id": 291270,
        "title": "Anomalisa",
        "revenue": 5700000,
        "budget": 8000000,
        "vote_average": 7.128,
        "vote_count": 1623,
        "release_date": "2015-12-30",
        "main_actor": "David Thewlis",
        "director": "Charlie Kaufman"
    },
    {
        "id": 1555,
        "title": "Albergue Espanhol",
        "revenue": 3897799,
        "budget": 5300000,
        "vote_average": 7.125,
        "vote_count": 1076,
        "release_date": "2002-06-19",
        "main_actor": "Romain Duris",
        "director": "Cédric Klapisch"
    },
    {
        "id": 77877,
        "title": "Um Homem de Sorte",
        "revenue": 99400000,
        "budget": 25000000,
        "vote_average": 7.124,
        "vote_count": 3481,
        "release_date": "2012-04-19",
        "main_actor": "Zac Efron",
        "director": "Scott Hicks"
    },
    {
        "id": 4441,
        "title": "Candy",
        "revenue": 2105096,
        "budget": 0,
        "vote_average": 7.121,
        "vote_count": 575,
        "release_date": "2006-05-25",
        "main_actor": "Abbie Cornish",
        "director": "Neil Armfield"
    },
    {
        "id": 508,
        "title": "Simplesmente Amor",
        "revenue": 249600000,
        "budget": 40000000,
        "vote_average": 7.115,
        "vote_count": 6375,
        "release_date": "2003-09-07",
        "main_actor": "Alan Rickman",
        "director": "Richard Curtis"
    },
    {
        "id": 103332,
        "title": "Ruby Sparks - A Namorada Perfeita",
        "revenue": 9100000,
        "budget": 8000000,
        "vote_average": 7.11,
        "vote_count": 1538,
        "release_date": "2012-07-25",
        "main_actor": "Paul Dano",
        "director": "Jonathan Dayton"
    },
    {
        "id": 23169,
        "title": "Lembranças",
        "revenue": 56000000,
        "budget": 16000000,
        "vote_average": 7.11,
        "vote_count": 3432,
        "release_date": "2010-03-11",
        "main_actor": "Robert Pattinson",
        "director": "Allen Coulter"
    },
    {
        "id": 370755,
        "title": "Paterson",
        "revenue": 2152738,
        "budget": 5000000,
        "vote_average": 7.111,
        "vote_count": 1781,
        "release_date": "2016-11-17",
        "main_actor": "Adam Driver",
        "director": "Jim Jarmusch"
    },
    {
        "id": 597219,
        "title": "Você Nem Imagina",
        "revenue": 0,
        "budget": 0,
        "vote_average": 7.1,
        "vote_count": 1438,
        "release_date": "2020-05-01",
        "main_actor": "Leah Lewis",
        "director": "Alice Wu"
    },
    {
        "id": 9675,
        "title": "Sideways: Entre Umas e Outras",
        "revenue": 109502303,
        "budget": 16000000,
        "vote_average": 7.1,
        "vote_count": 1541,
        "release_date": "2004-10-22",
        "main_actor": "Paul Giamatti",
        "director": "Alexander Payne"
    },
    {
        "id": 157370,
        "title": "Versos de um Crime",
        "revenue": 1600000,
        "budget": 5600000,
        "vote_average": 7.094,
        "vote_count": 1297,
        "release_date": "2013-06-10",
        "main_actor": "Daniel Radcliffe",
        "director": "John Krokidas"
    },
    {
        "id": 1440,
        "title": "Pecados Íntimos",
        "revenue": 14800000,
        "budget": 26000000,
        "vote_average": 7.094,
        "vote_count": 930,
        "release_date": "2006-10-06",
        "main_actor": "Kate Winslet",
        "director": "Todd Field"
    },
    {
        "id": 1259,
        "title": "Notas Sobre um Escândalo",
        "revenue": 49814392,
        "budget": 15000000,
        "vote_average": 7.093,
        "vote_count": 832,
        "release_date": "2006-12-25",
        "main_actor": "Judi Dench",
        "director": "Richard Eyre"
    },
    {
        "id": 401,
        "title": "Hora de Voltar",
        "revenue": 26781723,
        "budget": 2500000,
        "vote_average": 7.093,
        "vote_count": 1735,
        "release_date": "2004-07-28",
        "main_actor": "Zach Braff",
        "director": "Zach Braff"
    },
    {
        "id": 152584,
        "title": "Azul É A Cor Mais Quente",
        "revenue": 10165694,
        "budget": 4300000,
        "vote_average": 7.089,
        "vote_count": 4392,
        "release_date": "2013-10-09",
        "main_actor": "Adèle Exarchopoulos",
        "director": "Abdellatif Kechiche"
    },
    {
        "id": 791177,
        "title": "Até os Ossos",
        "revenue": 15100000,
        "budget": 18000000,
        "vote_average": 7.088,
        "vote_count": 1151,
        "release_date": "2022-11-18",
        "main_actor": "Taylor Russell",
        "director": "Luca Guadagnino"
    },
    {
        "id": 43539,
        "title": "72 Horas",
        "revenue": 67448651,
        "budget": 30000000,
        "vote_average": 7.082,
        "vote_count": 2721,
        "release_date": "2010-11-18",
        "main_actor": "Russell Crowe",
        "director": "Paul Haggis"
    },
    {
        "id": 744275,
        "title": "After: Depois do Desencontro",
        "revenue": 21800000,
        "budget": 14000000,
        "vote_average": 7.081,
        "vote_count": 2445,
        "release_date": "2021-09-01",
        "main_actor": "Josephine Langford",
        "director": "Castille Landon"
    },
    {
        "id": 283552,
        "title": "A Luz Entre Oceanos",
        "revenue": 25975621,
        "budget": 20000000,
        "vote_average": 7.078,
        "vote_count": 1296,
        "release_date": "2016-09-02",
        "main_actor": "Michael Fassbender",
        "director": "Derek Cianfrance"
    },
    {
        "id": 455207,
        "title": "Podres de Ricos",
        "revenue": 238539198,
        "budget": 30000000,
        "vote_average": 7.075,
        "vote_count": 3456,
        "release_date": "2018-08-15",
        "main_actor": "Constance Wu",
        "director": "Jon M. Chu"
    }
]